@misc{matlab,
 author = {MathWorks},
 howpublished = {\url{http://www.mathworks.com/products/matlab/}},
 title = {{MATLAB: The Language of Technical Computing}} 
}

